@INPROCEEDINGS{NVIDIA_Tensor_Core_Programmability_KTH,
  author={Markidis, Stefano and Chien, Steven Wei Der and Laure, Erwin and Peng, Ivy Bo and Vetter, Jeffrey S.},
  booktitle={2018 IEEE International Parallel and Distributed Processing Symposium Workshops (IPDPSW)}, 
  title={NVIDIA Tensor Core Programmability, Performance \& Precision}, 
  year={2018},
  volume={},
  number={},
  pages={522-531},
  doi={10.1109/IPDPSW.2018.00091}
  }

@website{nvidiaInsideVolta,
	author = {Luke Durant, Olivier Giroux, Mark Harris and Nick Stam},
	title = {{I}nside {V}olta: {T}he {W}orldâ€™s {M}ost {A}dvanced {D}ata {C}enter {G}{P}{U} | {N}{V}{I}{D}{I}{A} {T}echnical {B}log --- developer.nvidia.com},
	howpublished = {\url{https://developer.nvidia.com/blog/inside-volta/}},
	year = {2017-05-10},
	note = {[Accessed 16-May-2023]}
}

@website{voltatuningguide,
author = {{N}vidia},
title = {{V}olta {T}uning guide}, 
howpublished = {\url{https://docs.nvidia.com/cuda/volta-tuning-guide/index.html}},
year = {2017},
note = {(Accessed: 31 May 2023)}
}

@article{precision_FMA,
  author          = {Blanchard, Pierre and Higham, Nicholas J. and Lopez, Florent and Mary, Theo and Pranesh, Srikara},
  journal         = {SIAM Journal on Scientific Computing},
  number          = {3},
  title           = {Mixed Precision Block Fused Multiply-Add: Error Analysis and Application to GPU Tensor Cores},
  volume          = {42},
  year            = {2020}
}